@article{doi:10.1021/acs.est.9b06046,
author = {Bi, Jianzhao and Wildani, Avani and Chang, Howard H. and Liu, Yang},
title = {Incorporating Low-Cost Sensor Measurements into High-Resolution PM2.5 Modeling at a Large Spatial Scale},
journal = {Environmental Science \& Technology},
volume = {54},
number = {4},
pages = {2152-2162},
year = {2020},
doi = {10.1021/acs.est.9b06046},
    note ={PMID: 31927908},

URL = { 
        https://doi.org/10.1021/acs.est.9b06046
    
    },
eprint = { 
        https://doi.org/10.1021/acs.est.9b06046
    
    }

}



@INPROCEEDINGS{8848246,  author={R. D. {Dua} and D. M. {Madaan} and P. M. {Mukherjee} and B. L. {Lall}},  booktitle={2019 IEEE Fifth International Conference on Big Data Computing Service and Applications (BigDataService)},   title={Real Time Attention Based Bidirectional Long Short-Term Memory Networks for Air Pollution Forecasting},   year={2019},  volume={},  number={},  pages={151-158},}


@INPROCEEDINGS{8861609,  author={M. {Korunoski} and B. R. {Stojkoska} and K. {Trivodaliev}},  booktitle={IEEE EUROCON 2019 -18th International Conference on Smart Technologies},   title={Internet of Things Solution for Intelligent Air Pollution Prediction and Visualization},   year={2019},  volume={},  number={},  pages={1-6},}


@INPROCEEDINGS{4300299,  author={D. {Richter} and T. {Schneider} and S. {Doerner} and H. {Fritze} and P. {Hauptmann}},  booktitle={TRANSDUCERS 2007 - 2007 International Solid-State Sensors, Actuators and Microsystems Conference},   title={Selective Gas Sensor System for CO and H2 Distinction at High Temperatures Based on a Langasite Resonator Array},   year={2007},  volume={},  number={},  pages={991-994},}


@INPROCEEDINGS{148884,  author={F. {Maseeh} and M. J. {Tierney} and W. S. {Chu} and J. {Joseph} and H. -. L. {Kim} and T. {Otagawa}},  booktitle={TRANSDUCERS '91: 1991 International Conference on Solid-State Sensors and Actuators. Digest of Technical Papers},   title={A novel silicon micron amperometric gas sensor},   year={1991},  volume={},  number={},  pages={359-362},}



@book{flutter,
	title = {Flutter Documentation},
	author = {Flutter\_Development\_Community},
	publisher = {https://flutter.dev/docs},
	year = {2020},
	edition={1},
	
}


@book{raspberry,
	title = {Raspberry Pi Documentation},
	author = {Raspberry\_Pi\_Documentation\_Team},
	publisher = {https://www.raspberrypi.org/documentation/},
	year = {2020},
	edition={1},
	
}

@book{arduino,
	title = {Arduino Documentation},
	author = {Arduino\_Documentation\_Team},
	publisher = {https://www.arduino.cc/en/main/docs},
	year = {2020},
	edition={1},
	
}



